
@ARTICLE{Chudik:2015,
author = {Alexander Chudik and M. Hashem Pesaran},
title = {Common correlated effects estimation of heterogeneous dynamic panel data models with weakly exogenous regressors},
journal = {Journal of Econometrics},
year = {2015},
volume = {188},
pages = {393-420},
}


@ARTICLE{Pesaran:1995,
author = {M.Hashem Pesaran and Ron Smith},
title = {Estimating long-run relationships from dynamic heterogeneous panels},
journal = {Journal of Econometrics},
year = {1995},
volume = {68},
pages = {79 - 113},
}



@ARTICLE{Stephen:2001,
author = {Stephen G Donald and Whitney K Newey},
title = {Choosing the number of instruments},
journal = {Econometrica},
year = {2001},
volume = {69},
pages = {1161-1191},
}


@ARTICLE{Marine:2012,
author = {Marine Carrasco},
title = {A regularization approach to the many instruments problem},
journal = {Journal of Econometrics},
year = {2012},
volume = {170},
pages = {383-398},
}



@ARTICLE{Bai:2010,
author = {Jushan Bai and Serena Ng},
title = {Instrumental variable estimation in a data rich enviroment},
journal = {Econometric Theory},
year = {2010},
volume = {26},
pages = {1577-1606},
}



@ARTICLE{Hayakawa:2019,
author = {K. Hayakawa and M. Qi and J. Breitung },
title = {Double Filter Instrumental Variable Estimation of Panel Data Models with Weakly Exogenous Variables},
journal = {Econometric Reviews},
year = {2019},
volume = {38},
pages = {1055-1088},
}


@ARTICLE{Hayakawa:2009,
author = {K. Hayakawa},
title = {A Simple Efficient Instrumental Variable Estimator in Panel AR(p) Models When Both N and T are Large},
journal = {Econometric Theory},
year = {2009},
volume = {25},
pages = {873-890},
}




@ARTICLE{Moon:2000,
author = {Hyungsik R. Moon and Peter C.B. Phillips},
title = {Estimation of autoregressive roots near unity using panel data},
journal = {Econometric Theory},
year = {2000},
volume = {16},
pages = {927-997},
}






@ARTICLE{Swanson:2005,
author = {John C. Chao  Norman R. Swanson},
title = {Consistent Estimation with a Large Number of Weak Instruments},
journal = {Econometrica},
year = {2005},
volume = {73},
pages = {1673-1692},
}










@ARTICLE{,
author = {},
title = {},
journal = {},
year = {},
volume = {},
pages = {},
}


@unpublished{Kang:2019 ,
author = { Byunghoon Kang},
title = {Higher Order Approximation of IV Estimators with Invalid Instruments },
school={Lancaster University Management School},
note  = { },
year = {2019},
}









@unpublished{Norkute:2019,
author = {Milda Norkute and Vasilis Sarafidis and Takashi Yamagata and Guowei Cui},
title = {Instrumental Variable Estimation of Dynamic Linear Panel Data Models with Defactored Regressors and a Multifactor Error Structure},
school={},
note  = {ISER Discussion Paper No. 1019.},
year = {2019},
}
